@Book{tibaredha,
  title = {Évolution de la mortalité néonatale with {R} and knitr},
  author = {redha tiba},
  publisher = {***},
  address = {dsp djelfa, msp},
  year = {2023},
  edition = {1nd},
  note = {ISBN 000-0000000000},
  url = {http://yihui.org/***/},
}

@article{astagneau2002,
	title = {La mortalité attribuable aux infections hospitalières},
	author = {Astagneau, Pascal and Lepoutre, {Agnès}},
	year = {2002},
	month = {01},
	date = {2002-01-01},
	journal = {Actualité et Dossiers en Santé Publique},
	pages = {27--29},
	volume = {38}
}

@book{thomas2014,
	title = {Thomas' calculus},
	editor = {Hass, Joel and Weir, Maurice D.},
	year = {2014},
	date = {2014},
	publisher = {Pearson},
	edition = {Thirteenth edition},
	address = {Boston},
	langid = {en}
}

@book{calculus,
	title = {Calculus of a single variable},
	langid = {en}
}
